@STRING{AER  = "{A}merican {E}conomic {R}eview " }
@STRING{AERPP  = "{A}merican {E}conomic {R}eview {P}apers and {P}roceedings" }
@STRING{AMM  = "{A}merican {M}athematical {M}onthly "}
@STRING{AMS  = "{A}nnals of {M}athematical {S}tatistics "}
@STRING{EER  = "{E}uropean {E}conomic {R}eview " }
@STRING{EJ   = "{E}conomic {J}ournal " }
@STRING{EMA  = "{E}conometrica " }
@STRING{ET   = "{E}conomic {T}heory " }
@STRING{IUMJ = "{I}ndiana {U}niversity {M}athematics {J}ournal" }
@STRING{GEB  = "{G}ames and {E}conomic {B}ehavior" }
@STRING{JB   = "{J}ournal of {B}usiness" }
@STRING{JEDC = "{J}ournal of {E}conomic {D}ynamics and {C}ontrol" }
@STRING{JEL  = "{J}ournal of {E}conomic {L}iterature" }
@STRING{JET  = "{J}ournal of {E}conomic {T}heory" }
@STRING{JEP  = "{J}ournal of {E}conomic {P}erspectives"}
@STRING{JIE  = "{J}ournal of {I}nternational {E}conomics"}
@STRING{JF   = "{J}ournal of {F}inance" }
@STRING{JFE  = "{J}ournal of {F}inancial {E}conomics" }
@STRING{JME  = "{J}ournal of {M}athematical {E}conomics" }
@STRING{JMonE = "{J}ournal of {M}onetary {E}conomics" }
@STRING{JMCB  = "{J}ournal of {M}oney, {C}redit, and {B}anking"}
@STRING{JPE  = "{J}ournal of {P}olitical {E}conomy" }
@STRING{JPubE= "{J}ournal of {P}ublic {E}conomics" }
@string{mor = {{M}athematics of {O}perations {R}esearch}}
@STRING{MSS = "{M}athematical {S}ocial {S}ciences"}
@STRING{MCSS = "{M}athematics of {C}ontrol, {S}ignals, and {S}ystems"}
@STRING{QJE  = "{Q}uarterly {J}ournal of {E}conomics" }
@STRING{ReSt = "{R}eview of {E}conomics and {S}tatistics" }
@STRING{RFS  = "{R}eview of {F}inancial {S}tudies" }
@STRING{SCW  = "{S}ocial {C}hoice and {W}elfare" }


@Unpublished{liu/tsyvinski:18,
   author = {Yukun Liu and Aleh Tsyvinski},
   title = {Risks and Returns of Cryptocurrency},
   year = {2018},
   note={NBER Working Paper 24877},
}

@Article{,
   author = {Viggo Andreasen and Freddy Christiansen},
   title = {Persistence of an Infectious Disease in a Subdivided Population},
   journal = {Mathematical Biosciences},
   year = {1989},
   volume = {96},
   pages = {239-253},
}


@Article{,
   author = {Odo Diekmann and J.A.P. Heesterbeek and Johan Metz},
   title = {On the definition and the computation of the basic reproduction ratio $R_{0}$ in models for infectious diseases in heterogeneous populations},
   journal = {Journal of Mathematical Biology},
   year = {1990},
   volume = {28},
   pages = {365–382},
}

@Article{,
   author = {Jonathan Dushoff and Simon Levin},
   title = {The effects of population heterogeneity on disease invasion},
   journal = {Mathematical Biosciences},
   year = {1990},
   volume = {128},
   pages = {25-40},
}


@Article{,
   author = {Robert M. May and Roy M. Anderson},
   title = {The Transmission Dynamics of Human Immunodeficiency Virus (HIV)},
   journal = {Philosophical Transactions of the Royal Society B},
   year = {1988},
   volume = {321},
   pages = {565-607},
}



@Unpublished{hu/parlour/rajan:18,
  author  = {Albert S. Hu and Christine A. Parlour and Uday Rajan},
  title   = {Cryptocurrencies: Stylized Facts on a New investible Instrument},
  note    = {Working paper},
  year    = {2018},
}


@Unpublished{elender/trimborn/ong/lee:16,
  author  = {Hermann Elender and Simon Trimborn and Bobby Ong and Teik Ming Lee},
  title   = {The Cross-Section of Crypto-Currencies as Financial Assets: An Overview},
  note    = {SFB 649 Discussion Paper 2016-038},
  year    = {2016},
}

@Unpublished{gandal/halaburda:16,
  author   = {Neil Gandal and Hana Halaburda},
  title  = {Can We Predict teh Winner ina  Market with Network Effects? Competition in Cryptocurrency Market},
  note    = {Working Paper},
  year    = {2016},
}

@Unpublished{glaser/zimmermann/haferkorn/weber/siering:15,
  author  = {Florian Glaser and Kai Zimmermann and Martin Haferkorn and Moritz Christian Weber and Michael Siering},
  title   = {Bitcoin -- Asset or Currency? Revealing Users' Hidden Intentions},
  note    = {Working Paper},
  year    = {2015},
}

@Unpublished{yermack:13,
  author  = {David Yermack},
  title   = {Is Bitcoin and Real Currency? An Economic Appraisal},
  note    = {NBER Working Paper 19747},
  year    = {2013},
}

@Unpublished{,
  author  = {Daron Acemoglu and Victor Chernozhukov and Iván Werning and Michael D. Whinston
},
  title   = {Optimal Target Lockdowns in a Multi-Group SIR Model},
  note    = {Working Paper},
  year    = {2020},
}

@Unpublished{,
  author  = {H Juliette Unwin, Swapnil Mishra, Valerie C Bradle et al.
},
  title   = {State-level Tracking of COVID-19 in the United States},
  note    = {Working Paper},
  year    = {2020},
}

@Unpublished{,
  author  = {
David Baqaee and Emmanuel Farhi and Michael J. Mina and James H. Stock},
  title   = {Reopening Scenarios},
  note    = {Working Paper},
  year    = {2020},
}

@Unpublished{,
  author  = {Maryam Farboodi and Gregor Jarosch and Robert Shimer},
  title   = {Internal and External Effects of
Social Distancing in a Pandemic},
  note    = {Working Paper},
  year    = {2020},
}

@Unpublished{,
  author  = {Jesús Fernández-Villaverde and Charles I. Jones},
  title   = {Estimating and Simulating a SIRD Model
of COVID-19 for Many Countries, States, and Cities},
  note    = {Working Paper},
  year    = {2020},
}

@Unpublished{,
  author  = {Callum J. Jones, Thomas Philippon, Venky Venkateswaran},
  title   = {Optimal Mitigation Policies in a Pandemic: Social Distancing and Working From Home},
  note    = {Working Paper},
  year    = {2020},
}

@Unpublished{,
  author  = {Andrew Atkeson},
  title   = {How Deadly is COVID-19? Understanding the Difficulties with Estimation of its Fatality Rate},
  note    = {Working Paper},
  year    = {2020},
}

@Unpublished{,
  author  = {Ivan Korolev},
  title   = {Identification and Estimation of the
SEIRD Epidemic Model for COVID-19},
  note    = {Working Paper},
  year    = {2020},
}

@Unpublished{,
  author  = {James H. Stock},
  title   = {Data Gaps And The Policy Response To The Novel Coronavirus},
  note    = {Working Paper},
  year    = {2020},
}

@Unpublished{,
  author  = {Fernando Alvarez and David Argente and Francesco Lippi
},
  title   = {A Simple Planning Problem for COVID-19 Lockdown},
  note    = {Working Paper},
  year    = {2020},
}

@Unpublished{,
  author  = {Robert Rowthorn and Flavio Toxvaerd
},
  title   = {The Optimal Control Of Infectious Diseases Via Prevention And Treatment},
  note    = {Working Paper},
  year    = {2020},
}

@Unpublished{,
  author  = {Aaron Miller and Mac Josh Reandelar and Kimberly Fasciglione and Violeta Roumenova and Yan Li and Gonzalo H. Otazu
},
  title   = {Correlation between universal BCG vaccination policy and reduced morbidity and mortality for COVID-19: an epidemiological study},
  note    = {Working Paper},
  year    = {2020},
}



@Book{,
  author = {},
  title = {},
  publisher = {},
  year = 2000,
}



}
